@misc{django,
author = {Django Software Foundation},
title = {{Django}},
howpublished = {\url{https://www.djangoproject.com/}},
year = {2016}
}
@misc{airpair,
author = {Ryan Brown},
title = {{Django vs Flask vs Pyramid: Choosing a Python Web Framework}},
howpublished = {\url{https://www.airpair.com/python/posts/django-flask-pyramid}},
year = {2015}
}
@misc{six_feet_up,
author = {Clayton Parker},
title = {{4 Python Web Frameworks Compared}},
howpublished = {\url{http://www.sixfeetup.com/blog/4-python-web-frameworks-compared}},
year = {2013}
}
@misc{flask,
author = {Armin Ronacher},
title = {{Flask}},
howpublished = {\url{http://flask.pocoo.org/}},
year = {2014}
}
@misc{pyramid,
author = {Pylons Project},
title = {{Pyramid}},
howpublished = {\url{http://www.pylonsproject.org/}},
year = {2011}
}
@misc{wallpapers_craft,
author = {},
title = {{Wallpapers Craft}},
howpublished = {\url{https://wallpaperscraft.com/download/nature_mountains_sky_lake_clouds_81150/800x600}},
year = {2016}
}
@misc{sqlite_browser,
author = {Mauricio Piacentini et. al.},
title = {{DB Browser for SQLite}},
howpublished = {\url{http://sqlitebrowser.org/}},
year = {2014}
}